
@article{jinSupragingivalCalculus2002,
  title = {Supragingival {{Calculus}}: {{Formation}} and {{Control}}:},
  shorttitle = {Supragingival {{Calculus}}},
  author = {Jin, Ye and Yip, Hak-Kong},
  year = {2002},
  journal = {Critical Reviews in Oral Biology \& Medicine},
  publisher = {{SAGE Publications}},
  doi = {10.1177/154411130201300506},
  abstract = {Dental calculus is composed of inorganic components and organic matrix. Brushite, dicalcium phosphate dihydrate, octacalcium phosphate, hydroxyapatite, and whit...},
  langid = {english},
  file = {/mnt/hogwarts/Uni/Literature/Zotero/storage/2C2XJGP7/154411130201300506.pdf;/mnt/hogwarts/Uni/Literature/Zotero/storage/8RTJSIRS/Jin and Yip - 2016 - Supragingival Calculus Formation and Control.pdf;/mnt/hogwarts/Uni/Literature/Zotero/storage/8J2J92ND/154411130201300506.html}
}

@article{whiteDentalCalculus1997,
  title = {Dental Calculus: Recent Insights into Occurrence, Formation, Prevention, Removal and Oral Health Effects of Supragingival and Subgingival Deposits},
  shorttitle = {Dental Calculus},
  author = {White, Donald J.},
  year = {1997},
  month = oct,
  journal = {European Journal of Oral Sciences},
  volume = {105},
  number = {5},
  pages = {508--522},
  issn = {0909-8836, 1600-0722},
  doi = {10.1111/j.1600-0722.1997.tb00238.x},
  langid = {english},
  file = {/mnt/hogwarts/Uni/Literature/Zotero/storage/Z8S65LMX/White - 1997 - Dental calculus recent insights into occurrence, .pdf}
}


